

@article{citeKey2,
  title={Automatic localization and identification of vertebrae in arbitrary field-of-view CT scans},
  author={Glocker, Ben and Feulner, Johannes and Criminisi, Antonio and Haynor, D and Konukoglu, Ender},
  journal={Medical Image Computing and Computer-Assisted Intervention--MICCAI 2012},
  pages={590--598},
  year={2012},
  publisher={Springer}
}

@inproceedings{citeKey3,
  title={Vertebrae localization in pathological spine CT via dense classification from sparse annotations},
  author={Glocker, Ben and Zikic, Darko and Konukoglu, Ender and Haynor, David R and Criminisi, Antonio},
  booktitle={International Conference on Medical Image Computing and Computer-Assisted Intervention},
  pages={262--270},
  year={2013},
  organization={Springer}
}

@article{citeKey4,
  title={Fully automatic localization and segmentation of 3D vertebral bodies from CT/MR images via a learning-based method},
  author={Chu, Chengwen and Belav{\`y}, Daniel L and Armbrecht, Gabriele and Bansmann, Martin and Felsenberg, Dieter and Zheng, Guoyan},
  journal={PloS one},
  volume={10},
  number={11},
  pages={e0143327},
  year={2015},
  publisher={Public Library of Science}
}

@article{citeKey5,
  title={Analyzing training information from random forests for improved image segmentation},
  author={Mahapatra, Dwarikanath},
  journal={IEEE Transactions on Image Processing},
  volume={23},
  number={4},
  pages={1504--1512},
  year={2014},
  publisher={IEEE}
}

@inproceedings{citeKey7,
  title={Decision forests with long-range spatial context for organ localization in CT volumes},
  author={Criminisi, Antonio and Shotton, Jamie and Bucciarelli, Stefano},
  booktitle={Medical Image Computing and Computer-Assisted Intervention (MICCAI)},
  pages={69--80},
  year={2009},
  organization={Citeseer}
}

@article{citeKey8,
  title={Three-dimensional solid texture analysis in biomedical imaging: Review and opportunities},
  author={Depeursinge, Adrien and Foncubierta-Rodriguez, Antonio and Van De Ville, Dimitri and M{\"u}ller, Henning},
  journal={Medical image analysis},
  volume={18},
  number={1},
  pages={176--196},
  year={2014},
  publisher={Elsevier}
}
@misc{SEAL,
    title = {{M}icrosoft {SEAL} (release 3.2)},
    howpublished = {\url{https://github.com/Microsoft/SEAL}},
    month = feb,
    year = 2019,
    note = {Microsoft Research, Redmond, WA.},
    key = {SEAL}
}
@misc{Compromise,
    title = {{C}ompromise },
    howpublished = {\url{https://github.com/spencermountain/compromise}},
    month = mar,
    year = 2019,
    key = {Compromise}
}
@article{Intro,
  title={SUPERVISED MACHINE LEARNING APPROACHES: A SURVEY.},
  author={Muhammad, Iqbal and Yan, Zhu},
  journal={ICTACT Journal on Soft Computing},
  volume={5},
  number={3},
  year={2015},
  key = {Intro}
}
@inproceedings{gilad2016cryptonets,
  title={Cryptonets: Applying neural networks to encrypted data with high throughput and accuracy},
  author={Gilad-Bachrach, Ran and Dowlin, Nathan and Laine, Kim and Lauter, Kristin and Naehrig, Michael and Wernsing, John},
  booktitle={International Conference on Machine Learning},
  pages={201--210},
  year={2016}
}
@article{albuquerque2011synthetic,
  title={Synthetic generation of high-dimensional datasets},
  author={Albuquerque, Georgia and Lowe, Thomas and Magnor, Marcus},
  journal={IEEE transactions on visualization and computer graphics},
  volume={17},
  number={12},
  pages={2317--2324},
  year={2011},
  publisher={IEEE}
}
@inproceedings{dandekar2018comparative,
  title={A comparative study of synthetic dataset generation techniques},
  author={Dandekar, Ashish and Zen, Remmy AM and Bressan, St{\'e}phane},
  booktitle={International Conference on Database and Expert Systems Applications},
  pages={387--395},
  year={2018},
  organization={Springer}
}
@Misc{SciPy,
  author =    {Eric Jones and Travis Oliphant and Pearu Peterson and others},
  title =     {{SciPy}: Open source scientific tools for {Python}},
  year =      {2001--},
  url = "http://www.scipy.org/",
  note = {[Online; accessed <today>]}
}
@misc{chollet2015keras,
  title={Keras},
  author={Chollet, Fran\c{c}ois and others},
  year={2015},
  howpublished={\url{https://keras.io}},
}
@inproceedings{cormode2009anonymized,
  title={Anonymized data: generation, models, usage},
  author={Cormode, Graham and Srivastava, Divesh},
  booktitle={Proceedings of the 2009 ACM SIGMOD International Conference on Management of data},
  pages={1015--1018},
  year={2009},
  organization={ACM}
}
@article{fung2007anonymizing,
  title={Anonymizing classification data for privacy preservation},
  author={Fung, Benjamin CM and Wang, Ke and Philip, S Yu},
  journal={IEEE transactions on knowledge and data engineering},
  volume={19},
  number={5},
  pages={711--725},
  year={2007},
  publisher={IEEE}
}
@inproceedings{bayardo2005data,
  title={Data privacy through optimal k-anonymization},
  author={Bayardo, Roberto J and Agrawal, Rakesh},
  booktitle={21st International conference on data engineering (ICDE'05)},
  pages={217--228},
  year={2005},
  organization={IEEE}
}
@article{terrovitis2008privacy,
  title={Privacy-preserving anonymization of set-valued data},
  author={Terrovitis, Manolis and Mamoulis, Nikos and Kalnis, Panos},
  journal={Proceedings of the VLDB Endowment},
  volume={1},
  number={1},
  pages={115--125},
  year={2008},
  publisher={VLDB Endowment}
}
@book{zell1994simulation,
  title={Simulation neuronaler netze},
  author={Zell, Andreas},
  volume={1},
  number={5.3},
  year={1994},
  publisher={Addison-Wesley Bonn}
}
@article{svozil1997introduction,
  title={Introduction to multi-layer feed-forward neural networks},
  author={Svozil, Daniel and Kvasnicka, Vladimir and Pospichal, Jiri},
  journal={Chemometrics and intelligent laboratory systems},
  volume={39},
  number={1},
  pages={43--62},
  year={1997},
  publisher={Elsevier}
}
@article{axelsson2016evaluation,
  title={Evaluation targeting react native in comparison to native mobile development},
  author={Axelsson, Oscar and Carlstr{\"o}m, Fredrik},
  year={2016}
}
@misc{hansson2016effects,
  title={Effects on performance and usability for cross-platform application development using React Native},
  author={Hansson, Niclas and Vidhall, Tomas},
  year={2016}
}