@misc{SEAL,
    title = {{M}icrosoft {SEAL} (release 3.2)},
    howpublished = {\url{https://github.com/Microsoft/SEAL}},
    month = feb,
    year = 2019,
    note = {Microsoft Research, Redmond, WA.},
    key = {SEAL}
}
@misc{Compromise,
    title = {{C}ompromise },
    howpublished = {\url{https://github.com/spencermountain/compromise}},
    month = mar,
    year = 2019,
    key = {Compromise}
}
@article{Intro,
  title={SUPERVISED MACHINE LEARNING APPROACHES: A SURVEY.},
  author={Muhammad, Iqbal and Yan, Zhu},
  journal={ICTACT Journal on Soft Computing},
  volume={5},
  number={3},
  year={2015},
  key = {Intro}
}
@inproceedings{gilad2016cryptonets,
  title={Cryptonets: Applying neural networks to encrypted data with high throughput and accuracy},
  author={Gilad-Bachrach, Ran and Dowlin, Nathan and Laine, Kim and Lauter, Kristin and Naehrig, Michael and Wernsing, John},
  booktitle={International Conference on Machine Learning},
  pages={201--210},
  year={2016}
}
@article{albuquerque2011synthetic,
  title={Synthetic generation of high-dimensional datasets},
  author={Albuquerque, Georgia and Lowe, Thomas and Magnor, Marcus},
  journal={IEEE transactions on visualization and computer graphics},
  volume={17},
  number={12},
  pages={2317--2324},
  year={2011},
  publisher={IEEE}
}
@inproceedings{dandekar2018comparative,
  title={A comparative study of synthetic dataset generation techniques},
  author={Dandekar, Ashish and Zen, Remmy AM and Bressan, St{\'e}phane},
  booktitle={International Conference on Database and Expert Systems Applications},
  pages={387--395},
  year={2018},
  organization={Springer}
}
@Misc{SciPy,
  author =    {Eric Jones and Travis Oliphant and Pearu Peterson and others},
  title =     {{SciPy}: Open source scientific tools for {Python}},
  year =      {2001--},
  url = "http://www.scipy.org/",
  note = {[Online; accessed <today>]}
}